@article{Mirsky_2021,
   title={The Creation and Detection of Deepfakes: A Survey},
   volume={54},
   ISSN={1557-7341},
   url={http://dx.doi.org/10.1145/3425780},
   DOI={10.1145/3425780},
   number={1},
   journal={ACM Computing Surveys},
   publisher={Association for Computing Machinery (ACM)},
   author={Mirsky, Yisroel and Lee, Wenke},
   year={2021},
   month=jan, pages={1–41} }

@article{Łabuz2024,
  author    = {Mateusz Łabuz and Christopher Nehring},
  title     = {On the way to deep fake democracy? Deep fakes in election campaigns in 2023},
  journal   = {European Political Science},
  year      = {2024},
  month     = {Apr},
  day       = {26},
  doi       = {10.1057/s41304-024-00482-9},
  url       = {https://doi.org/10.1057/s41304-024-00482-9},
  issn      = {1682-0983}
}

@misc{kirby_2023, 
    title={Muharrem Ince: Turkish candidate dramatically pulls out before election}, 
    url={https://www.bbc.com/news/world-europe-65560052}, 
    journal={Bbc.com}, 
    publisher={BBC News}, 
    author={Kirby, Paul}, 
    year={2023}, 
    month={May} 
}

‌@misc{chen_magramo_2024, 
    title={Finance worker pays out \$25 million after video call with deepfake chief financial officer}, 
    url={https://edition.cnn.com/2024/02/04/asia/deepfake-cfo-scam-hong-kong-intl-hnk/index.html}, 
    journal={CNN}, 
    publisher={CNN}, 
    author={Chen, Heather and Magramo, Kathleen}, 
    year={2024}, 
    month={Feb} 
}

@Inbook{Hernandez-Ortega2022,
    author="Hernandez-Ortega, Javier
    and Tolosana, Ruben
    and Fierrez, Julian
    and Morales, Aythami",
    editor="Rathgeb, Christian
    and Tolosana, Ruben
    and Vera-Rodriguez, Ruben
    and Busch, Christoph",
    title="DeepFakes Detection Based on Heart Rate Estimation: Single- and Multi-frame",
    bookTitle="Handbook of Digital Face Manipulation and Detection: From DeepFakes to Morphing Attacks",
    year="2022",
    publisher="Springer International Publishing",
    address="Cham",
    pages="255--273",
    doi="10.1007/978-3-030-87664-7_12",
    url="https://doi.org/10.1007/978-3-030-87664-7_12"
}
@article{Hu_Liao_Liang_Zhou_Qin_2022, 
    title={FInfer: Frame Inference-Based Deepfake Detection for High-Visual-Quality Videos}, 
    volume={36}, 
    url={https://ojs.aaai.org/index.php/AAAI/article/view/19978}, 
    DOI={10.1609/aaai.v36i1.19978}, 
    number={1}, 
    journal={Proceedings of the AAAI Conference on Artificial Intelligence}, 
    author={Hu, Juan and Liao, Xin and Liang, Jinwen and Zhou, Wenbo and Qin, Zheng}, 
    year={2022}, 
    month={Jun.}, 
    pages={951-959} 
}
@article{Singh2020,
  author    = {Amritpal Singh and Amanpreet Singh Saimbhi and Navjot Singh and Mamta Mittal},
  title     = {DeepFake Video Detection: A Time-Distributed Approach},
  journal   = {SN Computer Science},
  year      = {2020},
  volume    = {1},
  number    = {4},
  pages     = {212},
  month     = {Jun},
  day       = {23},
  doi       = {10.1007/s42979-020-00225-9},
  url       = {https://doi.org/10.1007/s42979-020-00225-9},
  issn      = {2661-8907},
}

@article{Wilcox2015,
    author = {Wilcox, Laurie M. and Allison, Robert S. and Helliker, John and Dunk, Bert and Anthony, Roy C.},
    title = {Evidence that Viewers Prefer Higher Frame-Rate Film},
    year = {2015},
    issue_date = {September 2015},
    publisher = {Association for Computing Machinery},
    address = {New York, NY, USA},
    volume = {12},
    number = {4},
    issn = {1544-3558},
    url = {https://doi.org/10.1145/2810039},
    doi = {10.1145/2810039},
    month = {sep},
    articleno = {15},
    numpages = {12},
    keywords = {Perception, cinema, high frame rate, preference, stereoscopic 3D}
}

@article{Heidari2024,
author = {Heidari, Arash and Jafari Navimipour, Nima and Dag, Hasan and Unal, Mehmet},
title = {Deepfake detection using deep learning methods: A systematic and comprehensive review},
journal = {WIREs Data Mining and Knowledge Discovery},
volume = {14},
number = {2},
pages = {e1520},
keywords = {deep learning, deepfake, detection, neural networks, review},
doi = {https://doi.org/10.1002/widm.1520},
url = {https://wires.onlinelibrary.wiley.com/doi/abs/10.1002/widm.1520},
eprint = {https://wires.onlinelibrary.wiley.com/doi/pdf/10.1002/widm.1520},
year = {2024}
}

@misc{li2020celebdflargescalechallengingdataset,
      title={Celeb-DF: A Large-scale Challenging Dataset for DeepFake Forensics}, 
      author={Yuezun Li and Xin Yang and Pu Sun and Honggang Qi and Siwei Lyu},
      year={2020},
      eprint={1909.12962},
      archivePrefix={arXiv},
      primaryClass={cs.CR},
      url={https://arxiv.org/abs/1909.12962}, 
}


@Article{electronics13030585,
AUTHOR = {Gong, Liang Yu and Li, Xue Jun},
TITLE = {A Contemporary Survey on Deepfake Detection: Datasets, Algorithms, and Challenges},
JOURNAL = {Electronics},
VOLUME = {13},
YEAR = {2024},
NUMBER = {3},
ARTICLE-NUMBER = {585},
URL = {https://www.mdpi.com/2079-9292/13/3/585},
ISSN = {2079-9292},
DOI = {10.3390/electronics13030585}
}